<record><leader>00000cas a2200000 i 4500</leader><controlfield tag="001">11983203</controlfield><controlfield tag="008">850430d18951915inuwr ne      0    0eng c</controlfield><datafield ind1=" " ind2=" " tag="010"><subfield code="a">sn 85047796 </subfield></datafield><datafield ind1=" " ind2=" " tag="040"><subfield code="a">NPI</subfield><subfield code="b">eng</subfield><subfield code="e">rda</subfield><subfield code="c">NPI</subfield><subfield code="d">OCLCQ</subfield><subfield code="d">IUL</subfield><subfield code="d">OCLCF</subfield></datafield><datafield ind1=" " ind2=" " tag="042"><subfield code="a">pcc</subfield></datafield><datafield ind1=" " ind2=" " tag="043"><subfield code="a">n-us-in</subfield></datafield><datafield ind1="0" ind2="4" tag="245"><subfield code="a">The Greensburg review.</subfield></datafield><datafield ind1=" " ind2="1" tag="264"><subfield code="a">Greensburg, Indiana. :</subfield><subfield code="b">Daily Review Pub. Co.,</subfield><subfield code="c">1895-</subfield></datafield><datafield ind1=" " ind2=" " tag="300"><subfield code="a">volumes :</subfield><subfield code="b">illustrations ;</subfield><subfield code="c">55-59 cm</subfield></datafield><datafield ind1=" " ind2=" " tag="310"><subfield code="a">Weekly,</subfield><subfield code="b">Dec. 1898-Aug. 1915</subfield></datafield><datafield ind1=" " ind2=" " tag="321"><subfield code="a">Semiweekly,</subfield><subfield code="b">July 1895-Nov. 1898</subfield></datafield><datafield ind1=" " ind2=" " tag="336"><subfield code="a">text</subfield><subfield code="b">txt</subfield><subfield code="2">rdacontent</subfield></datafield><datafield ind1=" " ind2=" " tag="337"><subfield code="a">unmediated</subfield><subfield code="b">n</subfield><subfield code="2">rdamedia</subfield></datafield><datafield ind1=" " ind2=" " tag="338"><subfield code="a">volume</subfield><subfield code="b">nc</subfield><subfield code="2">rdacarrier</subfield></datafield><datafield ind1="0" ind2=" " tag="362"><subfield code="a">Volume 17, number 1 (July 6, 1895)-</subfield></datafield><datafield ind1="1" ind2=" " tag="362"><subfield code="a">Ceased in early Aug. 1915</subfield><subfield code="z">Cf. Miller, John W. Indiana newspaper bibliog.</subfield></datafield><datafield ind1=" " ind2=" " tag="500"><subfield code="a">"Republican."</subfield></datafield><datafield ind1=" " ind2=" " tag="500"><subfield code="a">Title from masthead.</subfield></datafield><datafield ind1=" " ind2=" " tag="515"><subfield code="a">Until the frequency changed from semiweekly to weekly, the Saturday issues continued the numbering of "The Saturday review," and the Wednesday issues continued the numbering of "The Wednesday review." The first issue was numbered according to the "Saturday review" scheme, and the second issue was numbered Vol. 2, no. 1, which was the "Wednesday review" sequence.</subfield></datafield><datafield ind1=" " ind2=" " tag="580"><subfield code="a">Also published in a daily edition with title: Daily review, Nov. 1898-Aug. 1915.</subfield></datafield><datafield ind1=" " ind2="0" tag="651"><subfield code="a">Greensburg (Ind.)</subfield><subfield code="v">Newspapers.</subfield></datafield><datafield ind1=" " ind2="0" tag="651"><subfield code="a">Decatur County (Ind.)</subfield><subfield code="v">Newspapers.</subfield></datafield><datafield ind1=" " ind2="7" tag="651"><subfield code="a">Indiana</subfield><subfield code="z">Decatur County.</subfield><subfield code="2">fast</subfield><subfield code="0">(OCoLC)fst01213384</subfield></datafield><datafield ind1=" " ind2="7" tag="651"><subfield code="a">Indiana</subfield><subfield code="z">Greensburg.</subfield><subfield code="2">fast</subfield><subfield code="0">(OCoLC)fst01227011</subfield></datafield><datafield ind1=" " ind2="7" tag="655"><subfield code="a">Newspapers.</subfield><subfield code="2">fast</subfield><subfield code="0">(OCoLC)fst01423814</subfield></datafield><datafield ind1=" " ind2=" " tag="752"><subfield code="a">United States</subfield><subfield code="b">Indiana</subfield><subfield code="c">Decatur</subfield><subfield code="d">Greensburg.</subfield></datafield><datafield ind1="1" ind2=" " tag="775"><subfield code="t">Daily review (Greensburg, Ind.)</subfield><subfield code="w">(DLC)sn 85047797</subfield><subfield code="w">(OCoLC)11983283</subfield></datafield><datafield ind1="0" ind2="4" tag="780"><subfield code="t">Saturday review (Greensburg, Ind.)</subfield><subfield code="w">(DLC)sn 85047794</subfield><subfield code="w">(OCoLC)11982868</subfield></datafield><datafield ind1="0" ind2="4" tag="780"><subfield code="t">Wednesday review (Greensburg, Ind.)</subfield><subfield code="w">(DLC)sn 85047795</subfield><subfield code="w">(OCoLC)11982944</subfield></datafield><datafield ind1="0" ind2="4" tag="785"><subfield code="t">Greensburg standard (Greensburg, Ind. : 1878)</subfield><subfield code="w">(DLC)sn 84045417</subfield><subfield code="w">(OCoLC)11314772</subfield></datafield><datafield ind1="4" ind2="1" tag="856"><subfield code="u">https://access.newspaperarchive.com/us/indiana/greensburg/greensburg-review/</subfield></datafield></record>